@book{sample,
	title={Lorem ipsum},
	author={Some Guy},
	year={2015}
}