@article{chord,
  author = {Stoica, Ion and Morris, Robert and Karger, David and Kaashoek, M. Frans and Balakrishnan, Hari},
  title = {Chord: A Scalable Peer-to-peer Lookup Service for Internet Applications},
  journal = {SIGCOMM Comput. Commun. Rev.},
  issue_date = {October 2001},
  volume = {31},
  number = {4},
  month = aug,
  year = {2001},
  issn = {0146-4833},
  pages = {149--160},
  numpages = {12},
  doi = {10.1145/964723.383071},
  acmid = {383071},
  publisher = {ACM},
  address = {New York, NY, USA}
}

@inproceedings{cod, 
  author={Montresor, A. and Jelasity, M. and Babaoglu, O.}, 
  booktitle={Peer-to-Peer Computing, 2005. P2P 2005. Fifth IEEE International Conference on}, 
  title={Chord on demand}, 
  year={2005}, 
  pages={87-94},
  doi={10.1109/P2P.2005.4}, 
  month={Aug}
}

@incollection{tman,
  year={2006},
  isbn={978-3-540-33342-5},
  booktitle={Engineering Self-Organising Systems},
  volume={3910},
  series={Lecture Notes in Computer Science},
  editor={Brueckner, SvenA. and Di Marzo Serugendo, Giovanna and Hales, David and Zambonelli, Franco},
  doi={10.1007/11734697_1},
  title={{T-Man}: Gossip-Based Overlay Topology Management},
  publisher={Springer Berlin Heidelberg},
  author={Jelasity, MÃ¡rk and Babaoglu, Ozalp},
  pages={1-15}
}
